@INPROCEEDINGS{microservice-nrdc, 
author={V. D. Le and M. M. Neff and R. V. Stewart and R. Kelley and E. Fritzinger and S. M. Dascalu and F. C. Harris}, 
booktitle={Industrial Informatics (INDIN), 2015 IEEE 13th International Conference on}, 
title={Microservice-based architecture for the NRDC}, 
year={2015}, 
pages={1659-1664}, 
keywords={computer centres;ecology;maintenance engineering;power system reliability;solar cell arrays;solar power;solar power stations;wastewater treatment;NRDC;NSF EPSCOR funded solar nexus project;Nevada research data center maintainability;alternative wastewater method;data center reliability;microservice-based architecture;renewable solar energy;solar panel;solar power plant;water consumption minimization;Computer architecture;Computer languages;Databases;Graphical user interfaces;Prototypes;Servers;Software;Design;Microservice Architecture;Monolithic Architecture;NRDC;Prototype Implementation;Software Specifications}, 
doi={10.1109/INDIN.2015.7281983}, 
month={July},}

@inproceedings{PerceivedAttractiveness,
 author = {Nakarada-Kordic, Ivana and Lobb, Brenda},
 title = {Effect of Perceived Attractiveness of Web Interface Design on Visual Search of Web Sites},
 booktitle = {Proceedings of the 6th ACM SIGCHI New Zealand Chapter's International Conference on Computer-human Interaction: Making CHI Natural},
 series = {CHINZ '05},
 year = {2005},
 isbn = {1-59593-036-1},
 location = {Auckland, New Zealand},
 pages = {25--27},
 numpages = {3},
 url = {http://doi.acm.org/10.1145/1073943.1073949},
 doi = {10.1145/1073943.1073949},
 acmid = {1073949},
 publisher = {ACM},
 address = {New York, NY, USA},
 keywords = {Human-Computer Interaction (HCI), aesthetics, attractiveness, search perseverance, web design},
} 

@inproceedings{information-and-web-services,
 author = {de la Calle, Guillermo and Alonso-Mart\'{\i}nez, Eduardo and Tzagarakis, Manolis and Karacapilidis, Nikos},
 title = {The Dicode Workbench: A Flexible Framework for the Integration of Information and Web Services},
 booktitle = {Proceedings of the 14th International Conference on Information Integration and Web-based Applications \&\#38; Services},
 series = {IIWAS '12},
 year = {2012},
 isbn = {978-1-4503-1306-3},
 location = {Bali, Indonesia},
 pages = {16--25},
 numpages = {10},
 url = {http://doi.acm.org/10.1145/2428736.2428745},
 doi = {10.1145/2428736.2428745},
 acmid = {2428745},
 publisher = {ACM},
 address = {New York, NY, USA},
 keywords = {collaborative work, collective intelligence, data exchange, data-intensiveness, e-applications service architectures, mashup application, service integration},
} 

@Book{dontmakemethink,
author = {Krug, Steve},
title = {Don't Make Me Think: A Common Sense Approach to Web Usability},
publisher = {New Riders},
year = {2006},
address = {Berkeley, CA, USA}
}

@Book{hci-research-perspective,
author = {MacKenzie, I. Scott},
title = {Human-Computer Interaction: An Empirical Research Perspective},
publisher = {Elsievier},
year = {2013},
address = {Waltham, MA, USA}
}

@misc{usability.gov,
   title = "usability.gov: Improving the User Experience",
   howpublished = "\url{http://www.usability.gov/}",
   note = "[Online; accessed \today]"
}

@misc{web-ui-principles,
   title = "Understanding Web UI Elements \& Principles",
   howpublished = "\url{http://www.awwwards.com/understanding-web-ui-elements-principles.html}",
   note = "[Online; accessed \today]"
}

@misc{data.gov,
   title = "The Home of the U.S. Government's Open Data",
   howpublished = "\url{www.data.gov/}",
   note = "[Online; accessed \today]"
}
