@online{NvidiaCuda,
  author = {{NVIDIA C}orporation},
  title = {{NVIDIA CUDA}},
  year = 2015,
  url = {http://www.nvidia.com/object/cuda_home_new.html},
  urldate = {2015-05-05}
}

@online{NvidiaGuide,
  author = {{NVIDIA C}orporation},
  title = {{NVIDIA CUDA Programming Guide}},
  year = 2015,
  url = {http://docs.nvidia.com/cuda/cuda-c-programming-guide/#axzz3ZrApAMsb},
  urldate = {2015-05-05}
}

@article {
	Buluc2009,
	author = {Bulu\c{c}, Ayd\in and Gilbert, John R. and Budak, Ceren},
	title = {Solving Path Problems on the GPU},
	journal = {Parallel Comput.},
    issue_date = {June, 2010},
	volume = {36},
	number = {5-6},
	month = jun,
	year = {2010},
	issn = {0167-8191},
	pages = {241--253},
	numpages = {13},
	url = {http://dx.doi.org/10.1016/j.parco.2009.12.002},
	doi = {10.1016/j.parco.2009.12.002},
	acmid = {1805389},
	publisher = {Elsevier Science Publishers B. V.},
	address = {Amsterdam, The Netherlands, The Netherlands},
	keywords = {All-pairs shortest-paths, Gaussian elimination, Graph algorithm, Graphical processing unit, Linear algebra, Matrix multiplication, Semiring, Shortest path},
} 

@article{Tarjan1981,
 author = {Tarjan, Robert Endre},
 title = {A Unified Approach to Path Problems},
 journal = {J. ACM},
 issue_date = {July 1981},
 volume = {28},
 number = {3},
 month = jul,
 year = {1981},
 issn = {0004-5411},
 pages = {577--593},
 numpages = {17},
 url = {http://doi.acm.org/10.1145/322261.322272},
 doi = {10.1145/322261.322272},
 acmid = {322272},
 publisher = {ACM},
 address = {New York, NY, USA},
}

@incollection{Tiskin2001
year={2001},
isbn={978-3-540-42287-7},
booktitle={Automata, Languages and Programming},
volume={2076},
series={Lecture Notes in Computer Science},
editor={Orejas, Fernando and Spirakis, PaulG. and van Leeuwen, Jan},
doi={10.1007/3-540-48224-5_15},
title={All-Pairs Shortest Paths Computation in the BSP Model},
url={http://dx.doi.org/10.1007/3-540-48224-5_15},
publisher={Springer Berlin Heidelberg},
author={Tiskin, Alexandre},
pages={178-189},
language={English}
}

@article{Peres2013,
 author = {Peres, Yuval and Sotnikov, Dmitry and Sudakov, Benny and Zwick, Uri},
 title = {All-pairs Shortest Paths in O(N2) Time with High Probability},
 journal = {J. ACM},
 issue_date = {August 2013},
 volume = {60},
 number = {4},
 month = sep,
 year = {2013},
 issn = {0004-5411},
 pages = {26:1--26:25},
 articleno = {26},
 numpages = {25},
 url = {http://doi.acm.org/10.1145/2505988},
 doi = {10.1145/2505988},
 acmid = {2505988},
 publisher = {ACM},
 address = {New York, NY, USA},
 keywords = {Shortest paths, probabilistic analysis},
} 

@article {Schrijver2012
author = {Schrijver, Alexander},
title = {On the History of the Shortest Path Problem},
journal = {Documenta Mathematica},
year = {2012},
volume = {{Extra Volume ISMP}},
pages = {155--167}
}

@article{Pettie2004,
title = "A new approach to all-pairs shortest paths on real-weighted graphs ",
journal = "Theoretical Computer Science ",
volume = "312",
number = "1",
pages = "47 - 74",
year = "2004",
note = "Automata, Languages and Programming ",
issn = "0304-3975",
doi = "http://dx.doi.org/10.1016/S0304-3975(03)00402-X",
url = "http://www.sciencedirect.com/science/article/pii/S030439750300402X",
author = "Seth Pettie",
keywords = "Comparison-addition model",
keywords = "All-pairs shortest paths",
keywords = "Real weights "
}
