@article{Cook2009277,
title = "Ambient intelligence: Technologies, applications, and opportunities ",
journal = "Pervasive and Mobile Computing ",
volume = "5",
number = "4",
pages = "277 - 298",
year = "2009",
note = "",
issn = "1574-1192",
doi = "http://dx.doi.org/10.1016/j.pmcj.2009.04.001",
url = "http://www.sciencedirect.com/science/article/pii/S157411920900025X",
author = "Diane J. Cook and Juan C. Augusto and Vikramaditya R. Jakkula",
keywords = "Ambient intelligence",
keywords = "Artificial intelligence",
keywords = "Sensors",
keywords = "Decision making",
keywords = "Context awareness",
keywords = "Privacy "
}

@inproceedings{Pousman:2006:TAI:1133265.1133277,
 author = {Pousman, Zachary and Stasko, John},
 title = {A Taxonomy of Ambient Information Systems: Four Patterns of Design},
 booktitle = {Proceedings of the Working Conference on Advanced Visual Interfaces},
 series = {AVI '06},
 year = {2006},
 isbn = {1-59593-353-0},
 location = {Venezia, Italy},
 pages = {67--74},
 numpages = {8},
 url = {http://doi.acm.org/10.1145/1133265.1133277},
 doi = {10.1145/1133265.1133277},
 acmid = {1133277},
 publisher = {ACM},
 address = {New York, NY, USA},
 keywords = {ambient display, design guidelines, notification system, peripheral display, taxonomy, ubiquitous computing},
} 

@INPROCEEDINGS{7390646, 
author={J. Hammerschmidt and T. Hermann and A. Walender and N. Kromker}, 
booktitle={Cognitive Infocommunications (CogInfoCom), 2015 6th IEEE International Conference on}, 
title={InfoPlant: Multimodal augmentation of plants for enhanced human-computer interaction}, 
year={2015}, 
pages={511-516}, 
keywords={botany;feedback;human computer interaction;InfoPlant;feedback;human-computer interaction;living plant;multimodal augmentation;Absorption;Chemical elements;Context;Light emitting diodes;Lighting;Robot sensing systems;Soil;Ambient information displays;Behavior Change;Eco-Feedback;Physical computing;Sustainable HCI}, 
doi={10.1109/CogInfoCom.2015.7390646}, 
month={Oct},}

@inproceedings{Jafarinaimi:2005:BAD:1056808.1057063,
 author = {Jafarinaimi, Nassim and Forlizzi, Jodi and Hurst, Amy and Zimmerman, John},
 title = {Breakaway: An Ambient Display Designed to Change Human Behavior},
 booktitle = {CHI '05 Extended Abstracts on Human Factors in Computing Systems},
 series = {CHI EA '05},
 year = {2005},
 isbn = {1-59593-002-7},
 location = {Portland, OR, USA},
 pages = {1945--1948},
 numpages = {4},
 url = {http://doi.acm.org/10.1145/1056808.1057063},
 doi = {10.1145/1056808.1057063},
 acmid = {1057063},
 publisher = {ACM},
 address = {New York, NY, USA},
 keywords = {design study, interaction design, lifelike motion, product design, ubiquitous displays},
}

@Inbook{Pantic2006,
author="Pantic, Maja",
editor="Cai, Yang
and Abascal, Julio",
chapter="Face for Ambient Interface",
title="Ambient Intelligence in Everyday Life: Foreword by Emile Aarts",
year="2006",
publisher="Springer Berlin Heidelberg",
address="Berlin, Heidelberg",
pages="32--66",
isbn="978-3-540-37788-7",
doi="10.1007/11825890_2",
url="http://dx.doi.org/10.1007/11825890_2"
}

@article{Baharin:2015:SSI:2798442.2754165,
 author = {Baharin, Hanif and Viller, Stephen and Rintel, Sean},
 title = {SonicAIR: Supporting Independent Living with Reciprocal Ambient Audio Awareness},
 journal = {ACM Trans. Comput.-Hum. Interact.},
 issue_date = {July 2015},
 volume = {22},
 number = {4},
 month = jul,
 year = {2015},
 issn = {1073-0516},
 pages = {18:1--18:23},
 articleno = {18},
 numpages = {23},
 url = {http://doi.acm.org/10.1145/2754165},
 doi = {10.1145/2754165},
 acmid = {2754165},
 publisher = {ACM},
 address = {New York, NY, USA},
 keywords = {Ambient awareness, domestic, earcons, independent living, phatic technology, social presence, soundscapes, telecare},
} 

@article{Cook:2007:SOE:1225943.1226005,
 author = {Cook, Diane J. and Das, Sajal K.},
 title = {How Smart Are Our Environments? An Updated Look at the State of the Art},
 journal = {Pervasive Mob. Comput.},
 issue_date = {March, 2007},
 volume = {3},
 number = {2},
 month = mar,
 year = {2007},
 issn = {1574-1192},
 pages = {53--73},
 numpages = {21},
 url = {http://dx.doi.org/10.1016/j.pmcj.2006.12.001},
 doi = {10.1016/j.pmcj.2006.12.001},
 acmid = {1226005},
 publisher = {Elsevier Science Publishers B. V.},
 address = {Amsterdam, The Netherlands, The Netherlands},
 keywords = {Artificial intelligence, Health monitoring, Sensor networks, Smart environments},
} 

@article{Aarts:2009:NRP:1735821.1735822,
 author = {Aarts, Emile and de Ruyter, Boris},
 title = {New Research Perspectives on Ambient Intelligence},
 journal = {J. Ambient Intell. Smart Environ.},
 issue_date = {January 2009},
 volume = {1},
 number = {1},
 month = jan,
 year = {2009},
 issn = {1876-1364},
 pages = {5--14},
 numpages = {10},
 url = {http://dl.acm.org/citation.cfm?id=1735821.1735822},
 acmid = {1735822},
 publisher = {IOS Press},
 address = {Amsterdam, The Netherlands, The Netherlands},
 keywords = {Ambient Intelligence, experience research, natural interaction, user-centered design},
} 

@ARTICLE{5475111, 
author={R. J. M. Vullers and R. v. Schaijk and H. J. Visser and J. Penders and C. V. Hoof}, 
journal={IEEE Solid-State Circuits Magazine}, 
title={Energy Harvesting for Autonomous Wireless Sensor Networks}, 
year={2010}, 
volume={2}, 
number={2}, 
pages={29-38}, 
keywords={Batteries;Biomedical monitoring;Biosensors;Body sensor networks;Communication standards;Intelligent sensors;Tutorials;Wireless communication;Wireless sensor networks}, 
doi={10.1109/MSSC.2010.936667}, 
ISSN={1943-0582}
}

@article{DePaola:2014:IMS:2620784.2611779,
 author = {De Paola, Alessandra and Ortolani, Marco and Lo Re, Giuseppe and Anastasi, Giuseppe and Das, Sajal K.},
 title = {Intelligent Management Systems for Energy Efficiency in Buildings: A Survey},
 journal = {ACM Comput. Surv.},
 issue_date = {July 2014},
 volume = {47},
 number = {1},
 month = jun,
 year = {2014},
 issn = {0360-0300},
 pages = {13:1--13:38},
 articleno = {13},
 numpages = {38},
 url = {http://doi.acm.org/10.1145/2611779},
 doi = {10.1145/2611779},
 acmid = {2611779},
 publisher = {ACM},
 address = {New York, NY, USA},
 keywords = {Building management systems, ambient intelligence, energy saving},
} 

@inproceedings{Masai:2016:FER:2856767.2856770,
 author = {Masai, Katsutoshi and Sugiura, Yuta and Ogata, Masa and Kunze, Kai and Inami, Masahiko and Sugimoto, Maki},
 title = {Facial Expression Recognition in Daily Life by Embedded Photo Reflective Sensors on Smart Eyewear},
 booktitle = {Proceedings of the 21st International Conference on Intelligent User Interfaces},
 series = {IUI '16},
 year = {2016},
 isbn = {978-1-4503-4137-0},
 location = {Sonoma, California, USA},
 pages = {317--326},
 numpages = {10},
 url = {http://doi.acm.org/10.1145/2856767.2856770},
 doi = {10.1145/2856767.2856770},
 acmid = {2856770},
 publisher = {ACM},
 address = {New York, NY, USA},
 keywords = {eyewear computing, facial expression recognition, smart eye glasses, wearable},
} 

@article{Huai:2014:TPC:2672614.2629504,
 author = {Huai, Baoxing and Chen, Enhong and Zhu, Hengshu and Xiong, Hui and Bao, Tengfei and Liu, Qi and Tian, Jilei},
 title = {Toward Personalized Context Recognition for Mobile Users: A Semisupervised Bayesian HMM Approach},
 journal = {ACM Trans. Knowl. Discov. Data},
 issue_date = {November 2014},
 volume = {9},
 number = {2},
 month = sep,
 year = {2014},
 issn = {1556-4681},
 pages = {10:1--10:29},
 articleno = {10},
 numpages = {29},
 url = {http://doi.acm.org/10.1145/2629504},
 doi = {10.1145/2629504},
 acmid = {2629504},
 publisher = {ACM},
 address = {New York, NY, USA},
 keywords = {Context recognition, hidden Markov model},
} 

@inproceedings{Huang:2005:IW:1086057.1086142,
 author = {Huang, Jeffrey and Waldvogel, Muriel},
 title = {Interactive Wallpaper},
 booktitle = {ACM SIGGRAPH 2005 Electronic Art and Animation Catalog},
 series = {SIGGRAPH '05},
 year = {2005},
 isbn = {1-59593-101-5},
 location = {Los Angeles, California},
 pages = {172--176},
 numpages = {5},
 url = {http://doi.acm.org/10.1145/1086057.1086142},
 doi = {10.1145/1086057.1086142},
 acmid = {1086142},
 publisher = {ACM},
 address = {New York, NY, USA},
} 

@article{Sadri:2011:AIS:1978802.1978815,
 author = {Sadri, Fariba},
 title = {Ambient Intelligence: A Survey},
 journal = {ACM Comput. Surv.},
 issue_date = {October 2011},
 volume = {43},
 number = {4},
 month = oct,
 year = {2011},
 issn = {0360-0300},
 pages = {36:1--36:66},
 articleno = {36},
 numpages = {66},
 url = {http://doi.acm.org/10.1145/1978802.1978815},
 doi = {10.1145/1978802.1978815},
 acmid = {1978815},
 publisher = {ACM},
 address = {New York, NY, USA},
 keywords = {Ambient intelligence, agents, assisted living, multiagent systems, social and ethical issues},
}

@misc{gtubicomp,
   title = "Georgia Tech Ubicomp Group",
   year = "2016",
   url = "\url{http://ubicomp.cc.gatech.edu/}",
   note = "[Online; accessed 6-March-2016]"
}
 
@misc{nest,
   title = "Nest",
   year = "2016",
   url = "\url{https://nest.com/}",
   note = "[Online; accessed 6-March-2016]"
}
 
@misc{ifttt,
   title = "IFTTT",
   year = "2016",
   url = "\url{ https://ifttt.com/}",
   note = "[Online; accessed 6-March-2016]"
}

@misc{awsiot,
   title = "Amazon Web Service IoT",
   year = "2016",
   url = "\url{https://aws.amazon.com/iot/}",
   note = "[Online; accessed 6-March-2016]"
}

@misc{ahri,
   title = "About Aware Home Research Initiative",
   year = "2016",
   url = "\url{http://www.awarehome.gatech.edu/drupal/?q=content/about-ahri}",
   note = "[Online; accessed 6-March-2016]"
}

@misc{elevenprotocols,
   title = "11 Internet of Things (IoT) Protocols You Need to Know About",
   year = "2016",
   url = "\url{http://www.rs-online.com/designspark/electronics/knowledge-item/eleven-internet-of-things-iot-protocols-you-need-to-know-about}",
   note = "[Online; accessed 6-March-2016]"
}

@misc{philips,
   title = "About Philips Research",
   year = "2016",
   url = "\url{http://www.research.philips.com/about/index.html}",
   note = "[Online; accessed 6-March-2016]"
}

@misc{hciicmu,
   title = "Human-Computer Interaction Institute of Carnegie Mellon University",
   year = "2016",
   url = "\url{http://www.hcii.cmu.edu/}",
   note = "[Online; accessed 6-March-2016]"
}

@misc{gartner,
   title = "Gartner's 2015 Hype Cycle",
   year = "2016",
   url = "\url{http://www.gartner.com/newsroom/id/3114217}",
   note = "[Online; accessed 6-March-2016]"
}